@inproceedings{Markant2012a,
author = {Markant, Doug and Gureckis, Todd M},
booktitle = {{Proceedings of the 34th Annual Conference of the Cognitive Science Society}},
title = {{Does the utility of information influence sampling behavior?}},
year = {2012}
}
@inproceedings{Gureckis2009,
author = {Gureckis, Todd M. and Markant, Douglas B.},
booktitle = {{Proceedings of the 31st Annual Conference of the Cognitive Science Society}},
title = {{Active Learning Strategies in a Spatial Concept Learning Game}},
year = {2009}
}
@article{Program1982,
author = {Thornton, Stephanie},
journal = {Cognitive Science},
pages = {77--100},
title = {{Challenging "Early Competence": A Process Oriented Analysis of Children's Classifying}},
volume = {6},
year = {1982}
}
@inproceedings{Ruggeri2015,
author = {Ruggeri, Azzurra and Lombrozo, Tania and Griffiths, Thomas L and Xu, Fei},
booktitle = {{Proceedings of the 37th Annual Conference of the Cognitive Science Society}},
title = {{Children search for information as efficiently as adults, but seek additional confirmatory evidence}},
year = {2015}
}
@article{Nelson2014,
author = {Nelson, Jonathan D and Divjak, Bojana and Gudmundsdottir, Gudny and Martignon, Laura F and Meder, Bj{\"{o}}rn},
journal = {Cognition},
number = {1},
pages = {74--80},
title = {{Children's sequential information search is sensitive to environmental probabilities}},
volume = {130},
year = {2014}
}
@article{Dougherty2003,
author = {Dougherty, Michael R P and Hunter, Jennifer E.},
journal = {Acta Psychologica},
number = {3},
pages = {263--282},
title = {{Hypothesis generation, probability judgment, and individual differences in working memory capacity}},
volume = {113},
year = {2003}
}
@article{Navarro2011,
author = {Navarro, Daniel J and Perfors, Amy F},
journal = {Psychological Review},
number = {1},
pages = {120--134},
title = {{Hypothesis generation, sparse categories, and the positive test strategy}},
volume = {118},
year = {2011}
}
@article{Eimas1970,
author = {Eimas, Peter D.},
journal = {Developmental Psychology},
number = {2},
pages = {224--229},
title = {{Information processing in problem solving as a function of developmental level and stimulus saliency}},
volume = {2},
year = {1970}
}
@article{Jordan1999,
archivePrefix = {arXiv},
arxivId = {arXiv:1103.5254v3},
author = {Jordan, Michael I. and Ghahramani, Zoubin and Jaakkola, Tommi S. and Saul, Lawrence K.},
eprint = {arXiv:1103.5254v3},
journal = {Machine Learning},
number = {2},
pages = {183--233},
title = {{Introduction to variational methods for graphical models}},
volume = {37},
year = {1999}
}
@article{Austerweil2011a,
author = {Austerweil, Joseph L. and Griffiths, Thomas L.},
journal = {Cognitive Science},
number = {3},
pages = {499--526},
title = {{Seeking confirmation is rational for deterministic hypotheses}},
volume = {35},
year = {2011}
}
@article{Gureckis2012,
author = {Gureckis, T. M. and Markant, D. B.},
journal = {Perspectives on Psychological Science},
number = {5},
pages = {464--481},
title = {{Self-Directed Learning: A Cognitive and Computational Perspective}},
volume = {7},
year = {2012}
}
@article{Denney1973,
author = {Denney, Douglas R and Denney, Nancy Wadsworth},
journal = {Developmental Psychology},
number = {2},
pages = {275--278},
title = {{The use of classification for problem solving: A comparison of middle and old age}},
volume = {9},
year = {1973}
}
@book{Marr1982,
address = {San Francisco, CA},
author = {Marr, David C},
publisher = {W.H. Freeman and Company},
title = {{Vision}},
year = {1982}
}
@inproceedings{Hawkins2014,
author = {Hawkins, Robert X D and Stuhlmuller, Andreas and Degen, Judith and Goodman, Noah D},
booktitle = {{Proceedings of the 37th Annual Cognitive Science Society}},
title = {{Why do you ask? Good questions provoke informative answer}},
year = {2014}
}
@incollection{Palatucci2009,
author = {Palatucci, M and Pomerleau, D and Hinton, G and Mitchell, T},
booktitle = {{Advances in Neural Information Processing Systems (NIPS)}},
editor = {Bengio, Y and Schuurmans, D and Lafferty, J},
title = {{Zero-Shot Learning with Semantic Output Codes}},
year = {2009}
}
@inproceedings{Rothe2016,
author = {Rothe, Anselm and Lake, Brenden M and Gureckis, Todd M},
booktitle = {{Proceedings of the 38th Annual Conference of the Cognitive Science Society}},
title = {{Asking and evaluating natural language questions}},
year = {2016}
}
@article{Psiturk,
author = {Gureckis, Todd M and Martin, Jay and McDonnell, John and Alexander, Rich S and Markant, Douglas B and Coenen, Anna and Halpern, David and Hamrick, Jessica B and Chan, Patricia},
journal = {Behavioral Research Methods},
publisher = {Behavior Research Methods},
title = {{psiTurk: An open-source framework for conducting replicable behavioral experiments online}},
year = {2015}
}

@article{Nickerson1988,
author = {Raymond S. Nickerson},
journal = {Review of General Psychology},
publisher = {Review of General Psychology},
title = {Confirmation bias: A ubiquitous phenomenon in many guises},
year = {1988}
}
	
@article{McKenzie2005,
author = {Craig R. M. McKenzie},
journal = {Handbook of cognition},
pages = {321-338},
title = {Judgement and decision making},
year = {2005}
}

@article{Coenen2015,
author = {Anna Coenen, Bob Rehder, Todd M. Gureckis},
journal = {Cognitive Psychology},
title = {Strategies to intervene on causal systems
are adaptively selected},
year = {2015}
}

@article{Bramley2015,
  title={Conservative forgetful scholars: How people learn causal structure through sequences of interventions.},
  author={Neil R. Bramley, David A. Lagnado, Maarten Speekenbrink},
  journal={Journal of Experimental Psychology: Learning, Memory, and Cognition},
  volume={41},
  number={3},
  pages={708},
  year={2015},
  publisher={American Psychological Association}
}


@article{Nelson2005,
  title={Finding useful questions: on Bayesian diagnosticity, probability, impact, and information gain.},
  author={Jonathan D. Nelson},
  journal={Psychological review},
  volume={112},
  number={4},
  pages={979},
  year={2005},
  publisher={American Psychological Association}
}

@article{shafto2014rational,
  title={A rational account of pedagogical reasoning: Teaching by, and learning from, examples},
  author={Shafto, Patrick and Goodman, Noah D and Griffiths, Thomas L},
  journal={Cognitive psychology},
  volume={71},
  pages={55--89},
  year={2014},
  publisher={Elsevier}
}

@article{steyvers2003inferring,
  title={Inferring causal networks from observations and interventions},
  author={Steyvers, Mark and Tenenbaum, Joshua B and Wagenmakers, Eric-Jan and Blum, Ben},
  journal={Cognitive science},
  volume={27},
  number={3},
  pages={453--489},
  year={2003},
  publisher={Elsevier}
}

@article{klayman1987confirmation,
  title={Confirmation, disconfirmation, and information in hypothesis testing.},
  author={Klayman, Joshua and Ha, Young-Won},
  journal={Psychological review},
  volume={94},
  number={2},
  pages={211},
  year={1987},
  publisher={American Psychological Association}
}

@article{oaksford1994rational,
  title={A rational analysis of the selection task as optimal data selection.},
  author={Oaksford, Mike and Chater, Nick},
  journal={Psychological Review},
  volume={101},
  number={4},
  pages={608},
  year={1994},
  publisher={American Psychological Association}
}

@article{osherson1990category,
  title={Category-based induction.},
  author={Osherson, Daniel N and Smith, Edward E and Wilkie, Ormond and Lopez, Alejandro and Shafir, Eldar},
  journal={Psychological review},
  volume={97},
  number={2},
  pages={185},
  year={1990},
  publisher={American Psychological Association}
}

@article{love2004sustain,
  title={SUSTAIN: a network model of category learning.},
  author={Love, Bradley C and Medin, Douglas L and Gureckis, Todd M},
  journal={Psychological review},
  volume={111},
  number={2},
  pages={309},
  year={2004},
  publisher={American Psychological Association}
}

@inbook{gureckis_clustering,
title = "Adaptive clustering models of categorization",
author = "J McDonnell and Todd Gureckis",
year = "2011",
editor = "Pothos and Willis",
booktitle = "Computational models of categorization",
publisher = "Oxford University Press",
}


@article{brusco2013exact,
  title={An exact algorithm for blockmodeling of two-mode network data},
  author={Brusco, Michael and Doreian, Patrick and Mrvar, Andrej and Steinley, Douglas},
  journal={The Journal of Mathematical Sociology},
  volume={37},
  number={2},
  pages={61--84},
  year={2013},
  publisher={Taylor \& Francis}
}

@article{brusco2013multiobjective,
  title={Multiobjective blockmodeling for social network analysis},
  author={Brusco, Michael and Doreian, Patrick and Steinley, Douglas and Satornino, Cinthia B},
  journal={Psychometrika},
  volume={78},
  number={3},
  pages={498--525},
  year={2013},
  publisher={Springer}
}

@article{wainwright2008graphical,
  title={Graphical models, exponential families, and variational inference},
  author={Wainwright, Martin J and Jordan, Michael I},
  journal={Foundations and Trends{\textregistered} in Machine Learning},
  volume={1},
  number={1-2},
  pages={1--305},
  year={2008},
  publisher={Now Publishers Inc.}
}

@inproceedings{bishop2002vibes,
  title={VIBES: A variational inference engine for Bayesian networks},
  author={Bishop, Christopher M and Spiegelhalter, David and Winn, John},
  booktitle={Advances in neural information processing systems},
  pages={777--784},
  year={2002}
}

@article{mnih2014neural,
  title={Neural variational inference and learning in belief networks},
  author={Mnih, Andriy and Gregor, Karol},
  journal={arXiv preprint arXiv:1402.0030},
  year={2014}
}